<record><leader>00000cas a2200000 a 4500</leader><controlfield tag="001">23950887</controlfield><controlfield tag="008">910618d18591859iluwr ne      0    0eng c</controlfield><datafield ind1=" " ind2=" " tag="010"><subfield code="a">sn 91054082 </subfield></datafield><datafield ind1=" " ind2=" " tag="040"><subfield code="a">NVF</subfield><subfield code="b">eng</subfield><subfield code="c">NVF</subfield><subfield code="d">OCL</subfield><subfield code="d">NVF</subfield><subfield code="d">OCLCQ</subfield><subfield code="d">OCLCF</subfield><subfield code="d">OCLCO</subfield></datafield><datafield ind1=" " ind2=" " tag="042"><subfield code="a">pcc</subfield></datafield><datafield ind1=" " ind2=" " tag="043"><subfield code="a">n-us-il</subfield></datafield><datafield ind1="0" ind2="0" tag="245"><subfield code="a">Wayne Co. prairie pioneer.</subfield></datafield><datafield ind1="3" ind2="0" tag="246"><subfield code="a">Prairie Wayne Co. pioneer</subfield></datafield><datafield ind1=" " ind2=" " tag="260"><subfield code="a">Fairfield, Wayne County, Ill. :</subfield><subfield code="b">J.M. Prior,</subfield><subfield code="c">1859.</subfield></datafield><datafield ind1=" " ind2=" " tag="300"><subfield code="a">v.</subfield></datafield><datafield ind1=" " ind2=" " tag="310"><subfield code="a">Weekly</subfield></datafield><datafield ind1="0" ind2=" " tag="362"><subfield code="a">Vol. 1, no. 1 (Jan. 15, 1859)-v. 1, no. 5 (Feb. 15, 1859).</subfield></datafield><datafield ind1=" " ind2=" " tag="500"><subfield code="a">"Wayne Co." appears above masthead ornament.</subfield></datafield><datafield ind1=" " ind2="0" tag="651"><subfield code="a">Fairfield (Ill.)</subfield><subfield code="v">Newspapers.</subfield></datafield><datafield ind1=" " ind2="7" tag="655"><subfield code="a">Newspapers.</subfield><subfield code="2">fast</subfield><subfield code="0">(OCoLC)fst01423814</subfield></datafield><datafield ind1=" " ind2="7" tag="651"><subfield code="a">Illinois</subfield><subfield code="z">Fairfield.</subfield><subfield code="2">fast</subfield><subfield code="0">(OCoLC)fst01226530</subfield></datafield><datafield ind1=" " ind2=" " tag="752"><subfield code="a">United States</subfield><subfield code="b">Illinois</subfield><subfield code="c">Wayne</subfield><subfield code="d">Fairfield.</subfield></datafield><datafield ind1="0" ind2="0" tag="785"><subfield code="t">Prairie pioneer (Fairfield, Ill.)</subfield><subfield code="w">(DLC)sn 91054083</subfield><subfield code="w">(OCoLC)23950936</subfield></datafield></record>